@article{klema2017semantic,
  title={Semantic biclustering for finding local, interpretable and predictive expression patterns},
  author={Kl{\'e}ma, Ji{\v{r}}{\'\i} and Malinka, Franti{\v{s}}ek and others},
  journal={BMC genomics},
  volume={18},
  number={7},
  pages={41},
  year={2017},
  publisher={BioMed Central}
}

@inproceedings{borovec2016binary,
  title={Binary pattern dictionary learning for gene expression representation in drosophila imaginal discs},
  author={Borovec, Ji{\v{r}}{\'\i} and Kybic, Jan},
  booktitle={Asian Conference on Computer Vision},
  pages={555--569},
  year={2016},
  organization={Springer}
}

@article{ashburner2000gene,
  title={Gene Ontology: tool for the unification of biology},
  author={Ashburner, Michael and Ball, Catherine A and Blake, Judith A and Botstein, David and Butler, Heather and Cherry, J Michael and Davis, Allan P and Dolinski, Kara and Dwight, Selina S and Eppig, Janan T and others},
  journal={Nature genetics},
  volume={25},
  number={1},
  pages={25},
  year={2000},
  publisher={Nature Publishing Group}
}

@article{gene2016expansion,
  title={Expansion of the Gene Ontology knowledgebase and resources},
  author={Gene Ontology Consortium},
  journal={Nucleic acids research},
  volume={45},
  number={D1},
  pages={D331--D338},
  year={2016},
  publisher={Oxford University Press}
}

@article{costa2013drosophila,
  title={The Drosophila anatomy ontology},
  author={Costa, Marta and Reeve, Simon and Grumbling, Gary and Osumi-Sutherland, David},
  journal={Journal of biomedical semantics},
  volume={4},
  number={1},
  pages={32},
  year={2013},
  publisher={BioMed Central}
}

@article{jambor2015systematic,
  title={Systematic imaging reveals features and changing localization of mRNAs in Drosophila development},
  author={Jambor, Helena and Surendranath, Vineeth and Kalinka, Alex T and Mejstrik, Pavel and Saalfeld, Stephan and Tomancak, Pavel},
  journal={Elife},
  volume={4},
  year={2015},
  publisher={eLife Sciences Publications, Ltd}
}
@misc{dot,
  title = {{Dresden Ovary Table}},
  howpublished = "\url{http://tomancak-srv1.mpi-cbg.de/DOT/main}",
  note = "[Online; accessed 15-February-2016]"
}
@article{barretina2012cancer,
  title={The Cancer Cell Line Encyclopedia enables predictive modelling of anticancer drug sensitivity},
  author={Barretina, Jordi and Caponigro, Giordano and Stransky, Nicolas and Venkatesan, Kavitha and Margolin, Adam A and Kim, Sungjoon and Wilson, Christopher J and Leh{\'a}r, Joseph and Kryukov, Gregory V and Sonkin, Dmitriy and others},
  journal={Nature},
  volume={483},
  number={7391},
  pages={603},
  year={2012},
  publisher={Nature Publishing Group}
}
@article{petryszak2015expression,
  title={Expression Atlas updateâ€”an integrated database of gene and protein expression in humans, animals and plants},
  author={Petryszak, Robert and Keays, Maria and Tang, Y Amy and Fonseca, Nuno A and Barrera, Elisabet and Burdett, Tony and F{\"u}llgrabe, Anja and Fuentes, Alfonso Mu{\~n}oz-Pomer and Jupp, Simon and Koskinen, Satu and others},
  journal={Nucleic acids research},
  volume={44},
  number={D1},
  pages={D746--D752},
  year={2015},
  publisher={Oxford University Press}
}

@inproceedings{svatovs2017pruning,
  title={Pruning Hypothesis Spaces Using Learned Domain Theories},
  author={Svato{\v{s}}, Martin and {\v{S}}ourek, Gustav and {\v{Z}}elezn{\`y}, Filip and Schockaert, Steven and Ku{\v{z}}elka, Ond{\v{r}}ej},
  booktitle={International Conference on Inductive Logic Programming},
  pages={152--168},
  year={2017},
  organization={Springer}
}

@book{russelNorvig2003:aima,
	author = {Russell, Stuart J. and Norvig, Peter},
	title = {Artificial Intelligence: A Modern Approach (2nd Edition)},
	year = {{Prentice Hall}, 2002}
}



@book{fuerkranz2012rules,
	author = {Johannes Fuerkranz and Dragan Gamberger and Nada Lavrac},
	title = {Foundations of Rule Learning},
	year = {Springer, 2012},
	
}


@book{deraedt2016srl,
	title={Statistical Relational Artificial Intelligence: Logic, Probability, and Computation},
	author={Luc {De Raedt}},
	year={Morgan \& Claypool, 2016}
}

@incollection{cohen1995fast,
  title={Fast effective rule induction},
  author={Cohen, William W},
  booktitle={Machine Learning Proceedings 1995},
  pages={115--123},
  year={1995},
  publisher={Elsevier}
}

@article{clark1989cn2,
  title={The CN2 induction algorithm},
  author={Clark, Peter and Niblett, Tim},
  journal={Machine learning},
  volume={3},
  number={4},
  pages={261--283},
  year={1989},
  publisher={Springer}
}

@inproceedings{clark1991rule,
  title={Rule induction with CN2: Some recent improvements},
  author={Clark, Peter and Boswell, Robin},
  booktitle={European Working Session on Learning},
  pages={151--163},
  year={1991},
  organization={Springer}
}

@article{friedman1999bump,
  title={Bump hunting in high-dimensional data},
  author={Friedman, Jerome H and Fisher, Nicholas I},
  journal={Statistics and Computing},
  volume={9},
  number={2},
  pages={123--143},
  year={1999},
  publisher={Springer}
}

@article{schriml2011disease,
  title={Disease Ontology: a backbone for disease semantic integration},
  author={Schriml, Lynn Marie and Arze, Cesar and Nadendla, Suvarna and Chang, Yu-Wei Wayne and Mazaitis, Mark and Felix, Victor and Feng, Gang and Kibbe, Warren Alden},
  journal={Nucleic acids research},
  volume={40},
  number={D1},
  pages={D940--D946},
  year={2011},
  publisher={Oxford University Press}
}

@article{kibbe2014disease,
  title={Disease Ontology 2015 update: an expanded and updated database of human diseases for linking biomedical knowledge through disease data},
  author={Kibbe, Warren A and Arze, Cesar and Felix, Victor and Mitraka, Elvira and Bolton, Evan and Fu, Gang and Mungall, Christopher J and Binder, Janos X and Malone, James and Vasant, Drashtti and others},
  journal={Nucleic acids research},
  volume={43},
  number={D1},
  pages={D1071--D1078},
  year={2014},
  publisher={Oxford University Press}
}

@article{kanehisa2016kegg,
  title={KEGG: new perspectives on genomes, pathways, diseases and drugs},
  author={Kanehisa, Minoru and Furumichi, Miho and Tanabe, Mao and Sato, Yoko and Morishima, Kanae},
  journal={Nucleic acids research},
  volume={45},
  number={D1},
  pages={D353--D361},
  year={2016},
  publisher={Oxford University Press}
}

@article{kanehisa2015kegg,
  title={KEGG as a reference resource for gene and protein annotation},
  author={Kanehisa, Minoru and Sato, Yoko and Kawashima, Masayuki and Furumichi, Miho and Tanabe, Mao},
  journal={Nucleic acids research},
  volume={44},
  number={D1},
  pages={D457--D462},
  year={2015},
  publisher={Oxford University Press}
}

@article{kanehisa2000kegg,
  title={KEGG: kyoto encyclopedia of genes and genomes},
  author={Kanehisa, Minoru and Goto, Susumu},
  journal={Nucleic acids research},
  volume={28},
  number={1},
  pages={27--30},
  year={2000},
  publisher={Oxford University Press}
}

@inproceedings{vzakova2007exploiting,
  title={Exploiting term, predicate, and feature taxonomies in propositionalization and propositional rule learning},
  author={{\v{Z}}{\'a}kov{\'a}, Monika and {\v{Z}}elezn{\'y}, Filip},
  booktitle={European Conference on Machine Learning},
  pages={798--805},
  year={2007},
  organization={Springer}
}

@article{merkin2012evolutionary,
  title={Evolutionary dynamics of gene and isoform regulation in Mammalian tissues},
  author={Merkin, Jason and Russell, Caitlin and Chen, Ping and Burge, Christopher B},
  journal={Science},
  volume={338},
  number={6114},
  pages={1593--1599},
  year={2012},
  publisher={American Association for the Advancement of Science}
}

@article{michalski1969quasi,
  title={On the quasi-minimal solution of the general covering problem},
  author={Michalski, Ryszard S},
  year={1969}
}

@misc{zooma,
  title = {{ZOOMA}},
  howpublished = "\url{https://www.ebi.ac.uk/spot/zooma/}",
  note = "[Online; accessed 30-April-2018]"
}

@article{malone2010modeling,
  title={Modeling sample variables with an Experimental Factor Ontology},
  author={Malone, James and Holloway, Ele and Adamusiak, Tomasz and Kapushesky, Misha and Zheng, Jie and Kolesnikov, Nikolay and Zhukova, Anna and Brazma, Alvis and Parkinson, Helen},
  journal={Bioinformatics},
  volume={26},
  number={8},
  pages={1112--1118},
  year={2010},
  publisher={Oxford University Press}
}

@article{kotsiantis2007supervised,
  title={Supervised machine learning: A review of classification techniques},
  author={Kotsiantis, Sotiris B and Zaharakis, I and Pintelas, P},
  journal={Emerging artificial intelligence applications in computer engineering},
  volume={160},
  pages={3--24},
  year={2007}
}

@article{hvidsten2003learning,
  title={Learning rule-based models of biological process from gene expression time profiles using gene ontology},
  author={Hvidsten, Torgeir R and L{\ae}greid, Astrid and Komorowski, Jan},
  journal={Bioinformatics},
  volume={19},
  number={9},
  pages={1116--1123},
  year={2003},
  publisher={Oxford University Press}
}

@incollection{calzone2006machine,
  title={Machine learning biochemical networks from temporal logic properties},
  author={Calzone, Laurence and Chabrier-Rivier, Nathalie and Fages, Fran{\c{c}}ois and Soliman, Sylvain},
  booktitle={Transactions on Computational Systems Biology VI},
  pages={68--94},
  year={2006},
  publisher={Springer}
}

@article{bellazzi2008predictive,
  title={Predictive data mining in clinical medicine: current issues and guidelines},
  author={Bellazzi, Riccardo and Zupan, Blaz},
  journal={International journal of medical informatics},
  volume={77},
  number={2},
  pages={81--97},
  year={2008},
  publisher={Elsevier}
}

@article{miller1995wordnet,
  title={WordNet: a lexical database for English},
  author={Miller, George A},
  journal={Communications of the ACM},
  volume={38},
  number={11},
  pages={39--41},
  year={1995},
  publisher={ACM}
}

@inproceedings{suchanek2007yago,
  title={Yago: a core of semantic knowledge},
  author={Suchanek, Fabian M and Kasneci, Gjergji and Weikum, Gerhard},
  booktitle={Proceedings of the 16th international conference on World Wide Web},
  pages={697--706},
  year={2007},
  organization={ACM}
}

@article{smith2007obo,
  title={The OBO Foundry: coordinated evolution of ontologies to support biomedical data integration},
  author={Smith, Barry and Ashburner, Michael and Rosse, Cornelius and Bard, Jonathan and Bug, William and Ceusters, Werner and Goldberg, Louis J and Eilbeck, Karen and Ireland, Amelia and Mungall, Christopher J and others},
  journal={Nature biotechnology},
  volume={25},
  number={11},
  pages={1251},
  year={2007},
  publisher={Nature Publishing Group}
}

@article{subramanian2005gene,
  title={Gene set enrichment analysis: a knowledge-based approach for interpreting genome-wide expression profiles},
  author={Subramanian, Aravind and Tamayo, Pablo and Mootha, Vamsi K and Mukherjee, Sayan and Ebert, Benjamin L and Gillette, Michael A and Paulovich, Amanda and Pomeroy, Scott L and Golub, Todd R and Lander, Eric S and others},
  journal={Proceedings of the National Academy of Sciences},
  volume={102},
  number={43},
  pages={15545--15550},
  year={2005},
  publisher={National Acad Sciences}
}

@article{curtis2005pathways,
  title={Pathways to the analysis of microarray data},
  author={Curtis, R Keira and Ore{\v{s}}i{\v{c}}, Matej and Vidal-Puig, Antonio},
  journal={TRENDS in Biotechnology},
  volume={23},
  number={8},
  pages={429--435},
  year={2005},
  publisher={Elsevier}
}

@article{croft2013reactome,
  title={The Reactome pathway knowledgebase},
  author={Croft, David and Mundo, Antonio Fabregat and Haw, Robin and Milacic, Marija and Weiser, Joel and Wu, Guanming and Caudy, Michael and Garapati, Phani and Gillespie, Marc and Kamdar, Maulik R and others},
  journal={Nucleic acids research},
  volume={42},
  number={D1},
  pages={D472--D477},
  year={2013},
  publisher={Oxford University Press}
}

@article{stevens2000ontology,
  title={Ontology-based knowledge representation for bioinformatics},
  author={Stevens, Robert and Goble, Carole A and Bechhofer, Sean},
  journal={Briefings in bioinformatics},
  volume={1},
  number={4},
  pages={398--414},
  year={2000},
  publisher={Oxford University Press}
}

@article{khatri2012ten,
  title={Ten years of pathway analysis: current approaches and outstanding challenges},
  author={Khatri, Purvesh and Sirota, Marina and Butte, Atul J},
  journal={PLoS computational biology},
  volume={8},
  number={2},
  pages={e1002375},
  year={2012},
  publisher={Public Library of Science}
}

@article{osterlund2017integrative,
  title={Integrative analysis of omics data},
  author={{\"O}sterlund, Tobias and Cvijovic, Marija and Kristiansson, Erik},
  journal={Systems biology},
  volume={6},
  pages={1},
  year={2017},
  publisher={Wiley Online Library}
}

@article{rajasundaram2016more,
  title={More effortâ€”more results: recent advances in integrative â€˜omicsâ€™ data analysis},
  author={Rajasundaram, Dhivyaa and Selbig, Joachim},
  journal={Current opinion in plant biology},
  volume={30},
  pages={57--61},
  year={2016},
  publisher={Elsevier}
}